@MISC{revit2016,
    author = {Autodesk},
    title = {Revit},
    year = {2016},
    howpublished = {\url{http://www.autodesk.com/products/revit-family/overview}},
    note = {Computer Software}
}
@BOOK{guide2006,
    author = {Autodesk},
    title = {Getting Started with Autodesk Revit Building},
    publisher = {Autodesk},
    year = {2006}
}


